@article{salehi2020single,
  title={Single cell fitness landscapes induced by genetic and pharmacologic perturbations in cancer},
  author={Salehi, Sohrab and Kabeer, Farhia and Ceglia, Nicholas and Andronescu, Mirela and Williams, Marc and Campbell, Kieran R and Masud, Tehmina and Wang, Beixi and Biele, Justina and Brimhall, Jazmine and others},
  journal={bioRxiv},
  year={2020},
  publisher={Cold Spring Harbor Laboratory}
}
@article{raj2008nature,
  title={Nature, nurture, or chance: stochastic gene expression and its consequences},
  author={Raj, Arjun and van Oudenaarden, Alexander},
  journal={Cell},
  volume={135},
  number={2},
  pages={216--226},
  year={2008},
  publisher={Elsevier}
}
@article{shaffer2019memory,
  title={Memory sequencing reveals heritable single cell gene expression programs associated with distinct cellular behaviors},
  author={Shaffer, Sydney M and Emert, Benjamin L and Reyes-Hueros, Raul and Cot{\'e}, Christopher and Harmange, Guillaume and Sizemore, Ann E and Gupte, Rohit and Torre, Eduardo and Singh, Abhyudai and Bassett, Danielle S and others},
  journal={BioRxiv},
  pages={379016},
  year={2019},
  publisher={Cold Spring Harbor Laboratory}
}